
@article{hughes2005iac,
	author = {T.J.R. Hughes and J.A. Cottrell and Y. Bazilevs},
	citeulike-article-id = {1874500},
	journal = {Computer Methods in Applied Mechanics and Engineering},
	month = {October},
	number = {39-41},
	pages = {4135--4195},
	posted-at = {2007-11-06 16:55:04},
	title = {Isogeometric analysis: {CAD}, finite elements, {NURBS}, exact geometry and mesh refinement},
	volume = {194},
	year = {2005},
}
doi = {10.1016/j.cma.2004.10.008},
url = {http://dx.doi.org/10.1016/j.cma.2004.10.008},

@article{huang2005fde,
	author		= {Q.-X. Huang and S.-M. Hu and R.R. Martin},
	title		= {Fast degree elevation and knot insertion for {B}-spline curves},
	journal		= {Comput. Aided Geom. Des.},
	volume		= {22},
	number		= {2},
	year		= {2005},
	issn		= {0167-8396},
	pages		= {183--197},
	publisher	= {Elsevier Science Publishers B.V.},
	address		= {Amsterdam, The Netherlands, The Netherlands}
}
doi			= {http://dx.doi.org/10.1016/j.cagd.2004.11.001},

@book{cormen2001ita,
	author		= {T.H. Cormen   and C.E. Leiserson   and R.L. Rivest   and C. Stein },
	title		= {Introduction to Algorithms},
	edition		= {Second},
	publisher	= {The MIT Press},
	year		= {2001},
	ISBN		= {0-262-53196-8},
}

@book{cottrell2008iat,
	author		= {J.A. Cottrell   and T.J.R. Hughes,   and Y. Bazilevs },
	title		= {Isogeometric Analysis Toward Unification of {CAD} and {FEA}},
	edition		= {Preprint},
	publisher	= {Institute for Computational Engineering and Sciences, The University of Texas at Austin},
	year		= {2008},
}

@phdthesis{riesenfeld1973aob,
	author		= {R.F. Riesenfeld },
	title		= {Applications of b-spline approximation to geometric problems of computer-aided design.},
	year		= {1973},
	order_no	= {AAI7408299},
	school		= {Syracuse University},
	address		= {Syracuse, NY, USA},
}

@phdthesis{versprille1975cda,
	author		= {K.J. Versprille },
	title		= {Computer-aided design applications of the rational b-spline approximation form.},
	year		= {1975},
	order_no	= {AAI7607690},
	school		= {Syracuse University},
	address		= {Syracuse, NY, USA},
}


@incollection{deboor1976ocw,
  year={1976},
  author = "de Boor, C. and Lyche, T. and Schumaker, L. L.",
  booktitle = "{Numerische Methoden der Approximationstheorie/Numerical Methods of Approximation Theory}",
  editor = "Collatz, L. and Werner, H. and Meinardus, G.",
  isbn = "978-3-7643-0824-7",
  language = "English",
  pages = "123--146",
  publisher = "{Birkh\" auser Basel}",
  series = "{International Series of Numerical Mathematics}",
  title = "{On Calculating with B-Splines II. Integration}",
  volume = "30",
}
doi = "10.1007/978-3-0348-7692-6_6",
url = "http://dx.doi.org/10.1007/978-3-0348-7692-6_6",

@article{deboor1972ocw,
  author = "de Boor, C.",
  issn = "0021-9045",
  journal = "Journal of Approximation Theory",
  note = "",
  number = "1",
  pages = "50--62",
  title = "{On calculating with B-splines}",
  volume = "6",
  year = "1972",
}
doi = "10.1016/0021-9045(72)90080-9",
url = "http://www.sciencedirect.com/science/article/pii/0021904572900809",

@techreport{cobb1988tts,
  author = "Cobb, J. E.",
  publisher = "University of Utah",
  title = "Tiling the sphere with rational bezier patches",
  year = "1988",
  journal = "UUCS",
  volume = "9",
}
url="https://collections.lib.utah.edu/details?id=705214",

@masterthesis{hansvold2015mgt,
  author = "Mothes Hansvold, K. A.",
  title = "Mesh Generation Techniques for Isogeometric Analysis",
  year = "2015",
  school = "Norwegian University of Science and Technology",
}
url = "http://hdl.handle.net/11250/2364885",

@book{abbott1959tow,
  title={Theory of wing sections, including a summary of airfoil data},
  author={Abbott, Ira Herbert and Von Doenhoff, Albert Edward},
  year={1959},
  publisher={Courier Corporation}
}

@techreport{Jonkman2009drw,
  author       = {J. Jonkman and S. Butterfield and W. Musial and G. Scott},
  title        = {Definition of a 5-{MW} {R}eference {W}ind {T}urbine for {O}ffshore {S}ystem
                  {D}evelopment},
  number       = {NREL/TP-500-36060},
  institution  = {National Renewable Energy Laboratory},
  address      = {Golden, Colorado, USA},
  month        = {February},
  year         = {2009},
}
url          = {http://www.nrel.gov/docs/fy09osti/38060.pdf},

@article{Fonn2015sbm,
  title        = {Spline based mesh generator for high fidelity simulation of flow around turbine
                  blades},
  author       = {Fonn, Eivind and Rasheed, Adil and Kvarving, Arne Morten and Kvamsdal, Trond},
  journal      = {Energy Procedia},
  volume       = {80},
  pages        = {294--301},
  year         = {2015},
  publisher    = {Elsevier}
}

@book{deboor1978apg,
  title={A practical guide to splines},
  author={De Boor, Carl and De Boor, Carl and Math{\'e}maticien, Etats-Unis and De Boor, Carl and De Boor, Carl},
  volume={27},
  year={1978},
  publisher={springer-verlag New York}
}

@techreport{coons1967sfc,
  title={Surfaces for computer-aided design of space forms},
  author={Coons, Steven A},
  year={1967},
  institution={MASSACHUSETTS INST OF TECH CAMBRIDGE PROJECT MAC}
}

@misc{van_zwieten2018n,
  author       = {van Zwieten, Gertjan and
                  van Zwieten, Joost and
                  Verhoosel, Clemens and
                  Fonn, Eivind and
                  van Opstal, Timo and
                  Hoitinga, Wijnand},
  title        = {Nutils},
  month        = aug,
  year         = 2018,
}
doi          = {10.5281/zenodo.1405137},
url          = {https://doi.org/10.5281/zenodo.1405137}
